{
  "leader": "01483cam a2200313Ii 4500",
  "fields": [
    {
      "001": "ocn272468528"
    },
    {
      "003": "OCoLC"
    },
    {
      "005": "20221212120331.0"
    },
    {
      "008": "980823s1954\\\\\\\\nyua\\\\\\\\\\\\\\\\\\\\000\\0\\eng\\d"
    },
    {
      "040": {
        "ind1": "\\",
        "ind2": "\\",
        "subfields": [
          {
            "a": "RTD"
          },
          {
            "b": "eng"
          },
          {
            "c": "RTD"
          },
          {
            "d": "UCO"
          },
          {
            "d": "ZR1"
          },
          {
            "d": "OCLCQ"
          },
          {
            "d": "GSM"
          },
          {
            "d": "OCLCA"
          },
          {
            "d": "OCLCF"
          },
          {
            "d": "OCLCQ"
          },
          {
            "d": "OCLCA"
          },
          {
            "d": "J9U"
          },
          {
            "d": "OCLCO"
          }
        ]
      }
    },
    {
      "035": {
        "ind1": "\\",
        "ind2": "\\",
        "subfields": [
          {
            "a": "(OCoLC)272468528"
          }
        ]
      }
    },
    {
      "050": {
        "ind1": "1",
        "ind2": "4",
        "subfields": [
          {
            "a": "NB237.L57"
          },
          {
            "b": "A4 1954"
          }
        ]
      }
    },
    {
      "082": {
        "ind1": "0",
        "ind2": "4",
        "subfields": [
          {
            "a": "730.924"
          },
          {
            "b": "HOP"
          }
        ]
      }
    },
    {
      "100": {
        "ind1": "1",
        "ind2": "\\",
        "subfields": [
          {
            "a": "Hope, Henry R."
          },
          {
            "q": "(Henry Radford),"
          },
          {
            "d": "1905-1989."
          }
        ]
      }
    },
    {
      "245": {
        "ind1": "1",
        "ind2": "4",
        "subfields": [
          {
            "a": "The sculpture of Jacques Lipchitz /"
          },
          {
            "c": "Henry R. Hope ;The Museum of Modern Art in collaboration with the Walker Art Center, Minneapolis; the Cleveland Museum of Art."
          }
        ]
      }
    },
    {
      "260": {
        "ind1": "\\",
        "ind2": "\\",
        "subfields": [
          {
            "a": "New York :"
          },
          {
            "b": "Museum of Modern Art in collaboration with the Walker Art Center, Minneapolis[and] the Cleveland Museum of Art,"
          },
          {
            "c": "[1954]"
          }
        ]
      }
    },
    {
      "300": {
        "ind1": "\\",
        "ind2": "\\",
        "subfields": [
          {
            "a": "95 pages :"
          },
          {
            "b": "illustrations ;"
          },
          {
            "c": "26 cm"
          }
        ]
      }
    },
    {
      "336": {
        "ind1": "\\",
        "ind2": "\\",
        "subfields": [
          {
            "a": "text"
          },
          {
            "b": "txt"
          },
          {
            "2": "rdacontent"
          }
        ]
      }
    },
    {
      "337": {
        "ind1": "\\",
        "ind2": "\\",
        "subfields": [
          {
            "a": "unmediated"
          },
          {
            "b": "n"
          },
          {
            "2": "rdamedia"
          }
        ]
      }
    },
    {
      "338": {
        "ind1": "\\",
        "ind2": "\\",
        "subfields": [
          {
            "a": "volume"
          },
          {
            "b": "nc"
          },
          {
            "2": "rdacarrier"
          }
        ]
      }
    },
    {
      "500": {
        "ind1": "\\",
        "ind2": "\\",
        "subfields": [
          {
            "a": "Catalogue of an exhibition held at the Museum of Modern Art, New York, May 18th-Aug. 1st, 1954; Walker Art Center, Minneapolis, Oct. 1st-Dec. 12th and the Cleveland Museum of Art, Jan. 25th-Mar. 13th, 1954."
          }
        ]
      }
    },
    {
      "600": {
        "ind1": "1",
        "ind2": "0",
        "subfields": [
          {
            "a": "Lipchitz, Jacques,"
          },
          {
            "d": "1891-1973."
          }
        ]
      }
    },
    {
      "600": {
        "ind1": "1",
        "ind2": "7",
        "subfields": [
          {
            "a": "Lipchitz, Jacques,"
          },
          {
            "d": "1891-1973."
          },
          {
            "2": "fast"
          },
          {
            "0": "(OCoLC)fst00017261"
          }
        ]
      }
    },
    {
      "710": {
        "ind1": "2",
        "ind2": "\\",
        "subfields": [
          {
            "a": "Museum of Modern Art (New York, N.Y.)"
          }
        ]
      }
    },
    {
      "710": {
        "ind1": "2",
        "ind2": "\\",
        "subfields": [
          {
            "a": "Walker Art Center."
          }
        ]
      }
    },
    {
      "710": {
        "ind1": "2",
        "ind2": "\\",
        "subfields": [
          {
            "a": "Cleveland Museum of Art."
          }
        ]
      }
    },
    {
      "994": {
        "ind1": "\\",
        "ind2": "\\",
        "subfields": [
          {
            "a": "Z0"
          },
          {
            "b": "NYRVC"
          }
        ]
      }
    },
    {
      "948": {
        "ind1": "\\",
        "ind2": "\\",
        "subfields": [
          {
            "h": "NO HOLDINGS IN NYRVC - 8 OTHER HOLDINGS"
          }
        ]
      }
    },
    {
      "999": {
        "ind1": "\\",
        "ind2": "\\",
        "subfields": [
          {
            "a": "00000000010657"
          }
        ]
      }
    }
  ]
}